@INPROCEEDINGS{Borst,
author={Borst, C. and Fischer, M. and Hirzinger, G.},
booktitle={Robotics and Automation, 2004. Proceedings. ICRA '04. 2004 IEEE International Conference on},
title={Grasp planning: how to choose a suitable task wrench space},
year={2004},
month={April},
volume={1},
pages={319-325 Vol.1}
}

@ARTICLE {Bohg2014,
author = {J. Bohg, A. Morales, T. Asfour and D. Kragic},
title = {Data-Driven Grasp Synthesis â€“ A Survey},
pages = {289--309},
volume ={30},
number ={2},
journal ={IEEE Transactions on Robotics},
year = {2014},
}

@INPROCEEDINGS{song,
author={Song, D. and Huebner, K. and Kyrki, V. and Kragic, D.},
booktitle={Intelligent Robots and Systems (IROS), 2010 IEEE/RSJ International Conference on},
title={Learning task constraints for robot grasping using graphical models},
year={2010},
month={Oct},
pages={1579-1585}
}

@article{Sahbani2012,
 author = {Sahbani, A. and El-Khoury, S. and Bidaud, P.},
 title = {An Overview of 3D Object Grasp Synthesis Algorithms},
 journal = {Robot. Auton. Syst.},
 issue_date = {March, 2012},
 volume = {60},
 number = {3},
 month = mar,
 year = {2012},
 issn = {0921-8890},
 pages = {326--336},
 numpages = {11},
 url = {http://dx.doi.org/10.1016/j.robot.2011.07.016},
 doi = {10.1016/j.robot.2011.07.016},
 acmid = {2109859},
 publisher = {North-Holland Publishing Co.},
 address = {Amsterdam, The Netherlands, The Netherlands},
} 


@INPROCEEDINGS{benamor,
author={Ben Amor, H. and Kroemer, O. and Hillenbrand, U. and Neumann, G. and Peters, J.},
booktitle={Intelligent Robots and Systems (IROS), 2012 IEEE/RSJ International Conference on},
title={Generalization of human grasping for multi-fingered robot hands},
year={2012},
month={Oct},
pages={2043-2050}
}

@INPROCEEDINGS{nguyen,
author={Nguyen, V.-D.},
booktitle={Robotics and Automation. Proceedings. 1986 IEEE International Conference on},
title={Constructing force-closure grasps},
year={1986},
month={Apr},
volume={3},
pages={1368-1373}
}

@article{ciocarlie2009,
 author = {Ciocarlie, Matei T. and Allen, Peter K.},
 title = {Hand Posture Subspaces for Dexterous Robotic Grasping},
 journal = {Int. J. Rob. Res.},
 issue_date = {July      2009},
 volume = {28},
 number = {7},
 month = jul,
 year = {2009},
 issn = {0278-3649},
 pages = {851--867},
 numpages = {17},
 publisher = {Sage Publications, Inc.},
 address = {Thousand Oaks, CA, USA},
 keywords = {dexterous robotic hands, hand prosthetics., interactive grasping}
} 


@ARTICLE{Vahrenkamp12d,
  author = {Nikolaus Vahrenkamp and Tamim Asfour and R\"udiger Dillmann},
  title = {Simultaneous Grasp and Motion Planning},
  journal = {IEEE Robotics and Automation Magazine - Special Issue on Mobile Manipulation},
  year = {2012},
  pages = {43--57}
}

@inproceedings{LevihnIROS13,
author = {Martin Levihn and Leslie Pack Kaelbling and Tom\'{a}s Lozano-P\'{e}rez and Mike Stilman},
title={Foresight and Reconsideration in Hierarchical Planning and Execution},
booktitle= {IEEE/RSJ International Conference on Intelligent Robots and Systems},
keywords={Integrated Task and Motion Planning},
year = {2013},
url={http://lis.csail.mit.edu/pubs/levihn-iros13.pdf}
}

@article{dang, 
year={2014},
issn={0929-5593},
journal={Autonomous Robots},
volume={37},
number={3},
doi={10.1007/s10514-014-9391-2},
title={Semantic grasping: planning task-specific stable robotic grasps},
url={http://dx.doi.org/10.1007/s10514-014-9391-2},
publisher={Springer US},
keywords={Grasp planning; Task-specific grasping; Semantic grasping},
author={Dang, Hao and Allen, Peter K.},
pages={301-316},
language={English}
}

@ARTICLE{antanas,
author = {{Antanas}, L. and {Moreno}, P. and {Neumann}, M. and {Pimentel de Figueiredo}, R. and {Kersting}, K. and {Santos-Victor}, J. and {De Raedt}, L.},
title = "{High-level Reasoning and Low-level Learning for Grasping: A Probabilistic Logic Pipeline}",
journal = {ArXiv e-prints},
archivePrefix = "arXiv",
eprint = {1411.1108},
primaryClass = "cs.RO",
year = 2014,
month = nov,
adsurl = {http://adsabs.harvard.edu/abs/2014arXiv1411.1108A}
}


@INPROCEEDINGS{Kragic2001,
author={Kragic, D. and Miller, AT. and Allen, P.K.},
booktitle={Robotics and Automation, 2001. Proceedings 2001 ICRA. IEEE International Conference on},
title={Real-time tracking meets online grasp planning},
year={2001},
month={},
volume={3},
pages={2460-2465 vol.3}}

@INPROCEEDINGS{Klank2009,
author={Klank, U. and Pangercic, D. and Rusu, R.B. and Beetz, M.},
booktitle={Humanoid Robots, 2009. Humanoids 2009. 9th IEEE-RAS International Conference on},
title={Real-time CAD model matching for mobile manipulation and grasping},
year={2009},
month={Dec},
pages={290-296}}

@inproceedings{Kazhdan2006,
 author = {Kazhdan, Michael and Bolitho, Matthew and Hoppe, Hugues},
 title = {Poisson Surface Reconstruction},
 booktitle = {Proceedings of the Fourth Eurographics Symposium on Geometry Processing},
 series = {SGP '06},
 year = {2006},
 isbn = {3-905673-36-3},
 location = {Cagliari, Sardinia, Italy},
 pages = {61--70},
 numpages = {10},
 acmid = {1281965},
 publisher = {Eurographics Association},
 address = {Aire-la-Ville, Switzerland, Switzerland}
} 

@article{fischler1981,
 author = {Fischler, Martin A. and Bolles, Robert C.},
 title = {Random Sample Consensus: A Paradigm for Model Fitting with Applications to Image Analysis and Automated Cartography},
 journal = {Commun. ACM},
 issue_date = {June 1981},
 volume = {24},
 number = {6},
 month = jun,
 year = {1981},
 pages = {381--395},
 numpages = {15},
 publisher = {ACM},
 address = {New York, NY, USA},
} 

@inproceedings{ferrari1992planning,
  title={Planning optimal grasps},
  author={Ferrari, Carlo and Canny, John},
  booktitle={Robotics and Automation, 1992. Proceedings., 1992 IEEE International Conference on},
  pages={2290--2295},
  year={1992},
  organization={IEEE}
}


@INPROCEEDINGS{Yuret93dynamichill,
    author = {Deniz Yuret and Michael de la Maza},
    title = {Dynamic Hill Climbing: Overcoming the limitations of optimization techniques},
    booktitle = {In The Second Turkish Symposium on Artificial Intelligence and Neural Networks},
    year = {1993},
    pages = {208--212}
}

@article{parzen1962estimation,
  author = {Parzen, Emanuel},
  journal = {The Annals of Mathematical Statistics},
  number = 3,
  pages = {pp. 1065-1076},
  publisher = {Institute of Mathematical Statistics},
  title = {On Estimation of a Probability Density Function and Mode},
  volume = 33,
  year = 1962
}


@inproceedings{kroemerHumanoids2012,
  author =		 "Kroemer, O. and  Ben Amor, H. and  Ewerton, M. and  Peters, J.",
  year =		 "2012",
  title =		 "Point Cloud Completion Using Extrusions",
  booktitle =		 "Proceedings of the International Conference on Humanoid Robots  (HUMANOIDS)"
}

@article{goldfeder2011,
author={Goldfeder, Corey and Allen, Peter K.},
year={2011},
issn={0929-5593},
journal={Autonomous Robots},
volume={31},
number={1},
doi={10.1007/s10514-011-9228-1},
title={Data-driven grasping},
publisher={Springer US},
pages={1-20},
language={English}
}

% Jebsen
@article{jebsen1969objective,
  title={An objective and standardized test of hand function.},
  author={Jebsen, Robert H and Taylor, NEAL and Trieschmann, RB and Trotter, MJ and Howard, LA},
  journal={Archives of physical medicine and rehabilitation},
  volume={50},
  number={6},
  pages={311},
  year={1969}
}

% Box and Blocks Test
@article{mathiowetz1985adult,
  title={Adult norms for the Box and Block Test of manual dexterity},
  author={Mathiowetz, Virgil and Volland, Gloria and Kashman, Nancy and Weber, Karen},
  journal={Am J Occup Ther},
  volume={39},
  number={6},
  pages={386--391},
  year={1985}
}

% Manipulability definition
@article{nakamura1986inverse,
  title={Inverse kinematic solutions with singularity robustness for robot manipulator control},
  author={Nakamura, Yoshihiko and Hanafusa, Hideo},
  journal={Journal of dynamic systems, measurement, and control},
  volume={108},
  number={3},
  pages={163--171},
  year={1986},
  publisher={American Society of Mechanical Engineers}
}


% Geriatric women dexterity
@article{williams1982manual,
  title={Manual ability as a marker of dependency in geriatric women},
  author={Williams, Mark E and Hadler, Nortin M and Earp, Jo Anne L},
  journal={Journal of chronic diseases},
  volume={35},
  number={2},
  pages={115--122},
  year={1982},
  publisher={Elsevier}
}

% Solina
@article{solina1990recovery,
  title={Recovery of parametric models from range images: The case for superquadrics with global deformations},
  author={Solina, Franc and Bajcsy, Ruzena},
  journal={Pattern Analysis and Machine Intelligence, IEEE Transactions on},
  volume={12},
  number={2},
  pages={131--147},
  year={1990},
  publisher={IEEE}
}


@inproceedings{miller2003automatic,
  title={Automatic grasp planning using shape primitives},
  author={Miller, Andrew T and Knoop, Steffen and Christensen, Henrik I and Allen, Peter K},
  booktitle={Robotics and Automation, 2003. Proceedings. ICRA'03. IEEE International Conference on},
  volume={2},
  pages={1824--1829},
  year={2003},
  organization={IEEE}
}

% Biegelbauer - SQ
@inproceedings{biegelbauer2007efficient,
  title={Efficient 3D object detection by fitting superquadrics to range image data for robot's object manipulation},
  author={Biegelbauer, Georg and Vincze, Markus},
  booktitle={Robotics and Automation, 2007 IEEE International Conference on},
  pages={1086--1091},
  year={2007},
  organization={IEEE}
}


% SQ
@inproceedings{goldfeder2007grasp,
  title={Grasp planning via decomposition trees},
  author={Goldfeder, Corey and Allen, Peter K and Lackner, Claire and Pelossof, Raphael},
  booktitle={Robotics and Automation, 2007 IEEE International Conference on},
  pages={4679--4684},
  year={2007},
  organization={IEEE}
}

% Bicchi, review grasp
@inproceedings{bicchi2000robotic,
  title={Robotic grasping and contact: A review},
  author={Bicchi, Antonio and Kumar, Vijay},
  booktitle={ICRA},
  pages={348--353},
  year={2000},
  organization={Citeseer}
}

% Box-based grasp selection
@inproceedings{huebner2008selection,
  title={Selection of robot pre-grasps using box-based shape approximation},
  author={Huebner, Kai and Kragic, Danica},
  booktitle={Intelligent Robots and Systems, 2008. IROS 2008. IEEE/RSJ International Conference on},
  pages={1765--1770},
  year={2008},
  organization={IEEE}
}

@inproceedings{mitra2006,
 author = {Mitra, Niloy J. and Guibas, Leonidas J. and Pauly, Mark},
 title = {Partial and Approximate Symmetry Detection for 3D Geometry},
 booktitle = {ACM SIGGRAPH 2006 Papers},
 series = {SIGGRAPH '06},
 year = {2006},
 location = {Boston, Massachusetts},
 pages = {560--568},
 numpages = {9},
 publisher = {ACM},
 address = {New York, NY, USA}
} 



% Mind the Gap
@inproceedings{bohg2011mind,
  title={Mind the gap-robotic grasping under incomplete observation},
  author={Bohg, Jeannette and Johnson-Roberson, Matthew and Le{\'o}n, Beatriz and Felip, Javier and Gratal, Xavi and Bergstrom, N and Kragic, Danica and Morales, Antonio},
  booktitle={Robotics and Automation (ICRA), 2011 IEEE International Conference on},
  pages={686--693},
  year={2011},
  organization={IEEE}
}

% Medial Axis
@inproceedings{przybylski2010unions,
  title={Unions of balls for shape approximation in robot grasping},
  author={Przybylski, Markus and Asfour, Tamim and Dillmann, R{\"u}diger},
  booktitle={Intelligent Robots and Systems (IROS), 2010 IEEE/RSJ International Conference on},
  pages={1592--1599},
  year={2010},
  organization={IEEE}
}

@inproceedings{jiang2011efficient,
  title={Efficient grasping from rgbd images: Learning using a new rectangle representation},
  author={Jiang, Yun and Moseson, Stephen and Saxena, Ashutosh},
  booktitle={Robotics and Automation (ICRA), 2011 IEEE International Conference on},
  pages={3304--3311},
  year={2011},
  organization={IEEE}
}


@inproceedings{hsiao2010contact,
  title={Contact-reactive grasping of objects with partial shape information},
  author={Hsiao, Kaijen and Chitta, Sachin and Ciocarlie, Matei and Jones, Edward Gil},
  booktitle={Intelligent Robots and Systems (IROS), 2010 IEEE/RSJ International Conference on},
  pages={1228--1235},
  year={2010},
  organization={IEEE}
}


@inproceedings{balasubramanian2010human,
  title={Human-guided grasp measures improve grasp robustness on physical robot},
  author={Balasubramanian, Ravi and Xu, Ling and Brook, Peter D and Smith, Joshua R and Matsuoka, Yoky},
  booktitle={Robotics and Automation (ICRA), 2010 IEEE International Conference on},
  pages={2294--2301},
  year={2010},
  organization={IEEE}
}

@phdthesis{Diankov_2010_6824,
   author = "Rosen Diankov",
   title = "Automated Construction of Robotic Manipulation Programs",
   booktitle = "",
   school = "Robotics Institute, Carnegie Mellon University",
   month = "September",
   year = "2010",
   number= "CMU-RI-TR-",
   address= "Pittsburgh, PA",
}


% Beetz- Pancake - CHANGE FOR SOMETHING MORE SPECIFIC!
@inproceedings{kunze2011logic,
  title={Logic programming with simulation-based temporal projection for everyday robot object manipulation},
  author={Kunze, Lars and Dolha, Mihai Emanuel and Beetz, Michael},
  booktitle={Intelligent Robots and Systems (IROS), 2011 IEEE/RSJ International Conference on},
  pages={3172--3178},
  year={2011},
  organization={IEEE}
}


% Laundry folding
@article{miller2012geometric,
  title={A geometric approach to robotic laundry folding},
  author={Miller, Stephen and Van Den Berg, Jur and Fritz, Mario and Darrell, Trevor and Goldberg, Ken and Abbeel, Pieter},
  journal={The International Journal of Robotics Research},
  volume={31},
  number={2},
  pages={249--267},
  year={2012},
  publisher={SAGE Publications}
}

% ACH
@inproceedings{dantam2012robust,
  title={Robust and efficient communication for real-time multi-process robot software},
  author={Dantam, Neil and Stilman, Mike},
  booktitle={Humanoid Robots (Humanoids), 2012 12th IEEE-RAS International Conference on},
  pages={316--322},
  year={2012},
  organization={IEEE}
}

% Bohg - Review
@article{bohg2013data,
  title={Data-Driven Grasp Synthesis---A Survey},
  author={Bohg, Jeannette and Morales, Antonio and Asfour, Tamim and Kragic, Danica},
  year={2013},
  publisher={IEEE}
}

% Duncan
@inproceedings{duncan2013multi,
  title={Multi-scale superquadric fitting for efficient shape and pose recovery of unknown objects},
  author={Duncan, Kester and Sarkar, Sudeep and Alqasemi, Redwan and Dubey, Rajiv},
  booktitle={Robotics and Automation (ICRA), 2013 IEEE International Conference on},
  pages={4238--4243},
  year={2013},
  organization={IEEE}
}

